@article{SalientStrucTexProp,
  title={Image inpainting with salient structure completion and texture propagation},
  author={Li, Shutao and Zhao, Ming},
  journal={Pattern Recognition Letters},
  volume={32},
  number={9},
  pages={1256--1266},
  year={2011},
  publisher={Elsevier}
}
2
@inproceedings{bertalmio2000image,
  title={Image inpainting},
  author={Bertalmio, Marcelo and Sapiro, Guillermo and Caselles, Vincent and Ballester, Coloma},
  booktitle={Proceedings of the 27th annual conference on Computer graphics and interactive techniques},
  pages={417--424},
  year={2000},
  organization={ACM Press/Addison-Wesley Publishing Co.}
}
3
@inproceedings{BertalmioNavierStokes,
  title={Navier-stokes, fluid dynamics, and image and video inpainting},
  author={Bertalmio, Marcelo and Bertozzi, Andrea L and Sapiro, Guillermo},
  booktitle={Computer Vision and Pattern Recognition, 2001. CVPR 2001. Proceedings of the 2001 IEEE Computer Society Conference on},
  volume={1},
  pages={I--I},
  year={2001},
  organization={IEEE}
}
4
@article{MathematicalModelsforNLTextureInpainting,
  title={Mathematical models for local nontexture inpaintings},
  author={Shen, Jianhong and Chan, Tony F},
  journal={SIAM Journal on Applied Mathematics},
  volume={62},
  number={3},
  pages={1019--1043},
  year={2002},
  publisher={SIAM}
}
5
@article{ColorTextureInpaintingNLCTVModel,
  title={Color texture image inpainting using the non local CTV model},
  author={Duan, Jinming and Pan, Zhenkuan and Liu, Wangquan and Tai, Xue-Cheng},
  journal={Journal of Signal and Information Processing},
  volume={4},
  number={03},
  pages={43},
  year={2013},
  publisher={Scientific Research Publishing}
}
6
@inproceedings{efros1999texture,
  title={Texture synthesis by non-parametric sampling},
  author={Efros, Alexei A and Leung, Thomas K},
  booktitle={iccv},
  pages={1033},
  year={1999},
  organization={IEEE}
}
7
@article{criminisi2004region,
  title={Region filling and object removal by exemplar-based image inpainting},
  author={Criminisi, Antonio and P{\'e}rez, Patrick and Toyama, Kentaro},
  journal={IEEE Transactions on image processing},
  volume={13},
  number={9},
  pages={1200--1212},
  year={2004},
  publisher={IEEE}
}
8
@inproceedings{StructurePropagationManual,
  title={Image completion with structure propagation},
  author={Sun, Jian and Yuan, Lu and Jia, Jiaya and Shum, Heung-Yeung},
  booktitle={ACM Transactions on Graphics (ToG)},
  volume={24},
  number={3},
  pages={861--868},
  year={2005},
  organization={ACM}
}
9
@article{NavierStokesAndTexturePropagation,
  title={Simultaneous structure and texture image inpainting},
  author={Bertalmio, Marcelo and Vese, Luminita and Sapiro, Guillermo and Osher, Stanley},
  journal={IEEE transactions on image processing},
  volume={12},
  number={8},
  pages={882--889},
  year={2003},
  publisher={IEEE}
}
10
@article{StreamfuntionVorticityForm,
  title={Streamfunction-Vorticity Formulation},
  author={Salih, A},
  journal={Department of Aerospace Engineering Indian Institute of Space Science and Technology},
  year={2013}
}
11
@article{ebrahimi2012navier,
  title={The Navier--Stokes--Voight model for image inpainting},
  author={Ebrahimi, MA and Lunasin, Evelyn},
  journal={The IMA Journal of Applied Mathematics},
  volume={78},
  number={5},
  pages={869--894},
  year={2012},
  publisher={Oxford University Press}
}
12
@article{van2005algorithms,
  title={Algorithms for non-linear diffusion},
  author={van den Boomgaard, Rein}
}
13
@inproceedings{fishelov2006image,
  title={Image inpainting via fluid equations},
  author={Fishelov, Dalia and Sochen, Nir},
  booktitle={Information Technology: Research and Education, 2006. ITRE'06. International Conference on},
  pages={23--25},
  year={2006},
  organization={IEEE}
}
14
@article{rudin1992nonlinear,
  title={Nonlinear total variation based noise removal algorithms},
  author={Rudin, Leonid I and Osher, Stanley and Fatemi, Emad},
  journal={Physica D: nonlinear phenomena},
  volume={60},
  number={1-4},
  pages={259--268},
  year={1992},
  publisher={Elsevier}
}
15
@article{getreuer2012total,
  title={Total variation inpainting using split Bregman},
  author={Getreuer, Pascal},
  journal={Image Processing On Line},
  volume={2},
  pages={147--157},
  year={2012}
}
16
@article{jung2011nonlocal,
  title={Nonlocal Mumford-Shah regularizers for color image restoration},
  author={Jung, Miyoun and Bresson, Xavier and Chan, Tony F and Vese, Luminita A},
  journal={IEEE transactions on image processing},
  volume={20},
  number={6},
  pages={1583--1598},
  year={2011},
  publisher={IEEE}
}
17
@article{duan2015fast,
  title={Fast algorithm for color texture image inpainting using the non-local CTV model},
  author={Duan, Jinming and Pan, Zhenkuan and Zhang, Baochang and Liu, Wanquan and Tai, Xue-Cheng},
  journal={Journal of Global Optimization},
  volume={62},
  number={4},
  pages={853--876},
  year={2015},
  publisher={Springer}
}
18
@article{gilboa2008nonlocal,
  title={Nonlocal operators with applications to image processing},
  author={Gilboa, Guy and Osher, Stanley},
  journal={Multiscale Modeling \& Simulation},
  volume={7},
  number={3},
  pages={1005--1028},
  year={2008},
  publisher={SIAM}
}
19
@article{tai2011fast,
  title={A fast algorithm for Euler's elastica model using augmented Lagrangian method},
  author={Tai, Xue-Cheng and Hahn, Jooyoung and Chung, Ginmo Jason},
  journal={SIAM Journal on Imaging Sciences},
  volume={4},
  number={1},
  pages={313--344},
  year={2011},
  publisher={SIAM}
}
20
@article{yang2009fast,
  title={A fast algorithm for edge-preserving variational multichannel image restoration},
  author={Yang, Junfeng and Yin, Wotao and Zhang, Yin and Wang, Yilun},
  journal={SIAM Journal on Imaging Sciences},
  volume={2},
  number={2},
  pages={569--592},
  year={2009},
  publisher={SIAM}
}
21
@article{blomgren1998color,
  title={Color TV: total variation methods for restoration of vector-valued images},
  author={Blomgren, Peter and Chan, Tony F},
  journal={IEEE transactions on image processing},
  volume={7},
  number={3},
  pages={304--309},
  year={1998},
  publisher={IEEE}
}
22
@article{malluvalasaimplementation,
  title={IMPLEMENTATION OF PATCH-BASED INPAINTING METHOD},
  author={MALLUVALASA, SN LAKSHMI}
}
23
@article{chen2005adaptive,
  title={Adaptive perceptual color-texture image segmentation},
  author={Chen, Junqing and Pappas, Thrasyvoulos N and Mojsilovic, Aleksandra and Rogowitz, Bernice E},
  journal={IEEE Transactions on Image Processing},
  volume={14},
  number={10},
  pages={1524--1536},
  year={2005},
  publisher={IEEE}
}
24
@article{varma2009statistical,
  title={A statistical approach to material classification using image patch exemplars},
  author={Varma, Manik and Zisserman, Andrew},
  journal={IEEE transactions on pattern analysis and machine intelligence},
  volume={31},
  number={11},
  pages={2032--2047},
  year={2009},
  publisher={IEEE}
}
25
@article{houghTransform,
  title={Line Detection by Hough transformation},
  author={F. Masci},
  year={2009},
}
26
@inproceedings{grossauer2004combined,
  title={A combined pde and texture synthesis approach to inpainting},
  author={Grossauer, Harald},
  booktitle={European conference on computer vision},
  pages={214--224},
  year={2004},
  organization={Springer}
}
27
@article{vese2003modeling,
  title={Modeling textures with total variation minimization and oscillating patterns in image processing},
  author={Vese, Luminita A and Osher, Stanley J},
  journal={Journal of scientific computing},
  volume={19},
  number={1-3},
  pages={553--572},
  year={2003},
  publisher={Springer}
}